<?xml version="1.0" encoding="UTF-8"?><collection xmlns="http://www.loc.gov/MARC21/slim"><record><leader>00522nam--2200181-i-4500</leader><controlfield tag="001">000026864</controlfield><controlfield tag="002">20161230</controlfield><controlfield tag="005">20161230201036</controlfield><controlfield tag="008">060222s1000------------r-----000-0-eng-d</controlfield><datafield ind1=" " ind2=" " tag="040"><subfield code="a">IFIN-HH</subfield></datafield><datafield ind1=" " ind2=" " tag="080"><subfield code="a">54-162</subfield></datafield><datafield ind1="1" ind2=" " tag="100"><subfield code="a">Knight, Charles A</subfield></datafield><datafield ind1="1" ind2="0" tag="245"><subfield code="a">The freezing of supercooled liquids</subfield><subfield code="c">Charles a. knight</subfield></datafield><datafield ind1=" " ind2=" " tag="260"><subfield code="a">Princetons, New Jersey</subfield><subfield code="b">D.Van Nostrand Company, Inc</subfield><subfield code="c">1967</subfield></datafield><datafield ind1=" " ind2=" " tag="300"><subfield code="a">VI + 145P</subfield></datafield><datafield ind1=" " ind2=" " tag="490"><subfield code="a">Van Nostrand Momentum Books</subfield><subfield code="v">Book No.14</subfield></datafield><datafield ind1=" " ind2=" " tag="852"><subfield code="a">20430</subfield><subfield code="c">539</subfield></datafield><datafield ind1=" " ind2=" " tag="CAT"><subfield code="a">Sys</subfield><subfield code="c">20110929</subfield><subfield code="h">165008</subfield></datafield></record></collection>